@incollection{ray-optics-book,
  title     = {{Chapter 3 - Ray Optics: Optical Systems and Optical Imaging}},
  editor    = {Avijit Lahiri},
  booktitle = {Basic Optics},
  publisher = {Elsevier},
  address   = {Amsterdam},
  pages     = {203-307},
  year      = {2016},
  isbn      = {978-0-12-805357-7},
  author    = {Avijit Lahiri},
  keywords  = {Linear optics and Gaussian optics, Symplectic and unimodular transfer matrices, System matrix, Lagrange-Helmholtz relation, Cardinal points, Hamiltonian optics, Abbeâ€™s sine condition, Seidel aberrations, Ray aberration and wave aberration, Chromatic aberration measures, Reduction of aberrations, Telescope objectives, Immersion objective, Cooke triplet and Tessar lens, CCD recorder}
}